@article{imbens2012optimal,
  title={Optimal bandwidth choice for the regression},
  author={Imbens, Guido and Kalyanaraman, Karthik},
  year={2012}
}

@article{lee2008randomized,
  title={Randomized experiments from non-random selection in US House elections},
  author={Lee, David S},
  journal={Journal of Econometrics},
  volume={142},
  number={2},
  pages={675--697},
  year={2008},
  publisher={Elsevier}
}

@article{imbens2008regression,
  title={Regression discontinuity designs: A guide to practice},
  author={Imbens, Guido W and Lemieux, Thomas},
  journal={Journal of econometrics},
  volume={142},
  number={2},
  pages={615--635},
  year={2008},
  publisher={Elsevier}
}

@article{cameron2008bootstrap,
  title={Bootstrap-based improvements for inference with clustered errors},
  author={Cameron, A Colin and Gelbach, Jonah B and Miller, Douglas L},
  journal={The Review of Economics and Statistics},
  volume={90},
  number={3},
  pages={414--427},
  year={2008},
  publisher={MIT Press}
}

@article{ruppert1995effective,
  title={An effective bandwidth selector for local least squares regression},
  author={Ruppert, David and Sheather, Simon J and Wand, Matthew P},
  journal={Journal of the American Statistical Association},
  volume={90},
  number={432},
  pages={1257--1270},
  year={1995},
  publisher={Taylor \& Francis}
}

@article{arcand2015development,
  title={Development Aid and Social Dyanmics Data Set},
  author={Arcand and Rieger and Nguyen},
  year={2015}
}

@Article{hayfield2008np,
  title = {Nonparametric Econometrics: The np Package},
  author = {Tristen Hayfield and Jeffrey S. Racine},
  journal = {Journal of Statistical Software},
  year = {2008},
  volume = {27},
  number = {5},
  url = {http://www.jstatsoft.org/v27/i05/},
}

@Manual{dimmery2013rdd,
  title = {rdd: Regression Discontinuity Estimation},
  author = {Drew Dimmery},
  year = {2013},
  note = {R package version 0.56},
  url = {http://CRAN.R-project.org/package=rdd},
}

@Manual{wand2015kernsmooth,
  title = {KernSmooth: Functions for Kernel Smoothing Supporting Wand & Jones (1995)},
  author = {Matt Wand},
  year = {2015},
  note = {R package version 2.23-14},
  url = {http://CRAN.R-project.org/package=KernSmooth},
}

@book{angrist2008mostly,
  title={Mostly harmless econometrics: An empiricist's companion},
  author={Angrist, Joshua D and Pischke, J{\"o}rn-Steffen},
  year={2008},
  publisher={Princeton university press}
}
